@article{Kermack1927,
author  = {Kermack, W. O. and McKendrick, A. G.},
title   = {A Contribution to the Mathematical Theory of Epidemics},
journal = {Proceedings of the Royal Society A},
year    = {1927},
volume  = {115},
pages   = {700--721}
}

@book{Greer2018,
author    = {Greer, M. L. and Livesay, D. R.},
title     = {An Introduction to Mathematical Epidemiology},
publisher = {Springer},
year      = {2018}
}

@article{Mossong2008,
author  = {Mossong, J. and others},
title   = {Social Contacts and Mixing Patterns Relevant to the Spread of Infectious Diseases},
journal = {PLoS Medicine},
year    = {2008},
volume  = {5},
number  = {3},
pages   = {e74}
}

@misc{cdcYellowBook2024,
title  = {{Influenza} – Travellers’ Health, \emph{CDC Yellow Book 2024}},
author = {{Centers for Disease Control and Prevention}},
year   = {2024},
url    = {https://wwwnc.cdc.gov/travel/yellowbook/2024/infections-diseases/influenza},
note   = {accessed 6 Jun 2025}
}

@book{Polyanin2002,
author    = {Polyanin, A. D. and Zaitsev, V. F.},
title     = {Handbook of Exact Solutions for Ordinary Differential Equations},
publisher = {Chapman and Hall/CRC},
year      = {2002}
}

@book{Anderson1991,
author    = {Anderson, Roy M. and May, Robert M.},
title     = {Infectious Diseases of Humans: Dynamics and Control},
publisher = {Oxford University Press},
address   = {Oxford},
year      = {1991}
}

@article{Hethcote2000,
author  = {Hethcote, Herbert W.},
title   = {The Mathematics of Infectious Diseases},
journal = {SIAM Review},
year    = {2000},
volume  = {42},
number  = {4},
pages   = {599--653},
doi     = {10.1137/S0036144500371907}
}

@article{Diekmann1990,
author  = {Diekmann, O. and Heesterbeek, J. A. P. and Metz, J. A. J.},
title   = {On the definition and the computation of the basic reproduction ratio \$R\_0\$ in models for infectious diseases in heterogeneous populations},
journal = {Journal of Mathematical Biology},
year    = {1990},
volume  = {28},
pages   = {365--382},
doi     = {10.1007/BF00178324}
}

@book{Keeling2008,
author    = {Keeling, Matt J. and Rohani, Pejman},
title     = {Modeling Infectious Diseases in Humans and Animals},
publisher = {Princeton University Press},
address   = {Princeton},
year      = {2008}
}

@article{Brauer2019,
author  = {Brauer, Fred},
title   = {Compartmental Models in Epidemiology},
journal = {Infectious Disease Modelling},
year    = {2019},
volume  = {4},
pages   = {113--125},
doi     = {10.1016/j.idm.2019.03.009}
}

@article{Fine2011,
author  = {Fine, Paul and Eames, Ken and Heymann, David L.},
title   = {"Herd Immunity": A Rough Guide},
journal = {Clinical Infectious Diseases},
year    = {2011},
volume  = {52},
number  = {7},
pages   = {911--916},
doi     = {10.1093/cid/cir007}
}

